@incollection{raghuraman:2016:sequence,
  author      = "M. K. Raghuraman and Ivan Liachko",
  title       = "Sequence Determinants of Yeast Replication Origins",
  editor      = "Daniel L. Kaplan",
  booktitle   = "The Initiation of DNA Replication in Eukaryotes",
  publisher   = "Springer",
  address     = "Tallahassee , FL , USA",
  year        = 2016,
  pages       = "123-143",
  chapter     = 7,
}

@Manual{Rproject,
  title        = {R: A Language and Environment for Statistical
                  Computing},
  author       = {{R Core Team}},
  organization = {R Foundation for Statistical Computing},
  address      = {Vienna, Austria},
  year         = YEAR,
  url          = {https://www.R-project.org}
}

@ARTICLE{martin:2011:cutadapt,
  author = {Marcel Martin},
  title = {Cutadapt removes adapter sequences from high-throughput sequencing reads},
  journal = {EMBnet.journal},
  year = 2011,
  month = may,
  volume = 17,
  pages = {10--12},
  number = 1,
  doi = {http://dx.doi.org/10.14806/ej.17.1.200},
  url = {http://journal.embnet.org/index.php/embnetjournal/article/view/200}
}